%http://en.wikipedia.org/wiki/BibTeX --How to is all there
@book{epo4-manual,
	author		=	"P. {Bauer} and G.A. {Delgado Lopes} and G.J.M. {Jansen} and D. {Jeltsema} and B.J. {Kooij} and I.E. {Lager} and N.P. van der {Meijs} and J.W. van der {Merwe} and J. {Popovic} and E.G.H. {Roeling} and D.M.J. {Tax} and A.J. van der {Veen} and T. {Velzeboer} and M.E. {Weskin}",
	title		=	"Electric Transport 2020 - Student Manual",
	publisher	=	"Delft University of Technology",
	year		=	2014
}
@online{uc3525a-datasheet,
	author	= "{Texas Instruments}",
	title	= "REGULATING PULSE WIDTH MODULATORS",
	month	= jan,
	year	= 2008,
	url 	= {http://www.ti.com/lit/ds/symlink/uc3525a.pdf}
}
@online{irs2001pbf-datasheet,
	author	= "{International Rectifier}",
	title	= "HIGH AND LOW SIDE DRIVER",
	month	= aug,
	year	= 2008,
	url 	= {http://www.irf.com/product-info/datasheets/data/irs2001pbf.pdf}
}
@online{IPP50CN10N-datasheet,
	author	= "{infineon}",
	title	= "OptiMOS\texttrademark 2 Power-Transistor",
	month	= jan,
	year	= 2010,
	url 	= {https://www.infineon.com/dgdl/IPP50CN10N_Rev1.07.pdf?folderId=db3a304313b8b5a60113cee8763b02d7&fileId=db3a304317a748360117cf1b1b381db6}
}
@online{IPP028N08N3G-datasheet,
	author	= "{infineon}",
	title	= "OptiMOS\texttrademark 3 Power-Transistor",
	month	= jan,
	year	= 2008,
	url 	= {http://www.infineon.com/dgdl/IPP028N08N3_Rev1%5B1%5D.0.pdf?folderId=db3a304313b8b5a60113cee8763b02d7&fileId=db3a30432313ff5e0123a3c08e7326b5}
}
@online{PSMN017-datasheet,
	author	= "{NXP Semiconductors}",
	title	= "N-channel 80 V 17 m\Omega standard level MOSFET in TO220",
	month	= sep,
	year	= 2011,
	url 	= {http://www.nxp.com/documents/data_sheet/PSMN017-80PS.pdf}
}
@online{SB540-datasheet,
	author	= "{Fairchild Semiconductor}",
	title	= "SB520 - SB5100",
	year	= 2001,
	url 	= {http://www.fairchildsemi.com/ds/SB/SB540.pdf}
}
@online{SF61-datasheet,
	author	= "{Multicomp}",
	title	= "SF6x Series",
	month	= jul,
	year	= 2008,
	url 	= {http://www.farnell.com/datasheets/64517.pdf}
}
@online{traxxas-datasheet,
	author	= "{Traxxas}",
	title	= "E-MAXX",
	url 	= {http://traxxas.com/products/models/electric/3903emaxx-specs}
}
@online{wikipedia-rolling-resistance,
	author	= "{Various authors}",
	title	= "Rolling resistance",
	month	= jan,
	year	= 2014,
	url 	= {http://en.wikipedia.org/wiki/Rolling_resistance}
}
@online{maxwell-dcell-datasheet,
	author	= "{Maxwell}",
	title	= "BC SERIES ULTRACAPACITORS",
	year	= 2013,
	url 	= {http://www.maxwell.com/products/ultracapacitors/docs/bcseries_ds_1017105-4.pdf}
}
@online{bluetooth-specs,
	author	= "{Bluetooth SIG}",
	title	= "{S}pecification of the {Bluetooth \textregistered} {S}ystem",
	month	= dec,
	year	= 2013,
	url 	= {https://www.bluetooth.org/en-us/specification/adopted-specifications}
}
@online{lm506-datasheet,
	author	= "{LM Technologies}",
	title	= "{LM506} {Long} {Range}",
	year	= "Unknown",
	url 	= {http://lm-technologies.com/wp-content/downloads/wireless%20adapters/LM506/Datasheet/LM506_Datasheet.pdf}
}
@online{rn41-datasheet,
	author	= "{RovingNetworks}",
	title	= "{RN41/RN41N} {Class 1} {Bluetooth} {Module}",
	month	= apr,
	year	= 2013,
	url 	= {http://ww1.microchip.com/downloads/en/DeviceDoc/rn-41-ds-v3.42r.pdf}
}
@online{wikipedia-heuns,
	author  = "{Various authors}",
	title   = "Heun's method",
	month   = jan,
	year    = 2014,
	url     = {https://en.wikipedia.org/wiki/Heun%27s_method}
}
@online{jordan-solution,
	author = "{Hoi-Kwong Lo}",
	title  = "Lecture notes on analysis of lineair systems in state space form",
	url    = "{http://www.control.utoronto.ca/people/profs/kwong/ece410/2008/notes/chap1.pdf}"
}
@online{transient-systems,
	author  = "{Unknown author}",
	title   = "Transient unit step responses of first order and second order systems",
	url     = {http://seit.unsw.adfa.edu.au/coursework/ZEIT3215/responses.pdf}
}
@online{uiuc-rel-humid,
	author  = "{University of Illinois}",
	title   = "Relative humidity",
	url     = {http://ww2010.atmos.uiuc.edu/(Gh)/guides/mtr/cld/dvlp/rh.rxml}
}
@online{eng-tb-air-comp,
	author  = "{Engineering Toolbox}",
	title   = "Air Composition",
	url     = {http://www.engineeringtoolbox.com/air-composition-d_212.html}
}
@online{eng-tb-sat-press,
	author  = "{Engineering Toolbox}",
	title   = "Water Vapor and Saturation Pressure in Humid Air",
	url     = {http://www.engineeringtoolbox.com/water-vapor-saturation-pressure-air-d_689.html}
}
@online{sengpiel-sound-speed,
	author  = "{Eberhard Sengpiel}",
	title   = "Calculation Speed of sound in humid air ( Relative humidity)",
	url     = {http://www.sengpielaudio.com/calculator-airpressure.htm}
}
@online{buck-sat-press,
	author  = "{Arden L. Buck}",
	title   = "New Equations for Computing Vapor Pressure and Enhancement Factor",
	month	= dec,
	year    = 1981,
	url     = {http://www.public.iastate.edu/~bkh/teaching/505/arden_buck_sat.pdf}
}
@online{wikipedia-speed-of-sound,
	author  = "{Various authors}",
	title   = "Speed of sound",
	month   = may,
	year    = 2014,
	url     = {https://en.wikipedia.org/wiki/Speed_of_sound}
}
@online{shang-wheeler-mds,
	author  = "Y. {Shang} and W. {Ruml}",
	title   = "Improved MDS-Based Localization",
	year    = 2014,
	url     = {http://infocom2004.ieee-infocom.org/Papers/55_1.PDF}
}